@inproceedings{kernighan1990spelling,
  title={A spelling correction program based on a noisy channel model},
  author={Kernighan, Mark D and Church, Kenneth W and Gale, William A},
  booktitle={Proceedings of the 13th conference on Computational linguistics-Volume 2},
  pages={205--210},
  year={1990},
  organization={Association for Computational Linguistics}
}